<?xml version="1.0" encoding="UTF-8"?><record xmlns="http://www.loc.gov/MARC21/slim" xmlns:cinclude="http://apache.org/cocoon/include/1.0" xmlns:zs="http://www.loc.gov/zing/srw/">
  <leader>00608cz  a2200145n  4500</leader>
  <controlfield tag="001">no 00040980 </controlfield>
  <controlfield tag="003">DLC</controlfield>
  <controlfield tag="005">20020124152246.0</controlfield>
  <controlfield tag="008">000609n| acannaabn          |n aaa     c</controlfield>
  <datafield tag="010" ind1=" " ind2=" ">
    <subfield code="a">no 00040980 </subfield>
  </datafield>
  <datafield tag="035" ind1=" " ind2=" ">
    <subfield code="a">(OCoLC)oca05236272</subfield>
  </datafield>
  <datafield tag="040" ind1=" " ind2=" ">
    <subfield code="a">AzTeS</subfield>
    <subfield code="b">eng</subfield>
    <subfield code="c">AzTeS</subfield>
    <subfield code="d">DLC</subfield>
  </datafield>
  <datafield tag="100" ind1="1" ind2=" ">
    <subfield code="a">Callebaut, Jan,</subfield>
    <subfield code="d">1955-</subfield>
  </datafield>
  <datafield tag="670" ind1=" " ind2=" ">
    <subfield code="a">Motivational marketing research revisited, 1999:</subfield>
    <subfield code="b">t.p. (Jan Callebaut) p. 221 (b. Geraardsbergen, 1955)</subfield>
  </datafield>
  <datafield tag="670" ind1=" " ind2=" ">
    <subfield code="a">Callebaut, Jan. Understanding Chinese consumers, 2000:</subfield>
    <subfield code="b">t.p. (Jan Callebaut) p. 169 (licentiate, marketing/distribution; he co-founded Censydiam [Institute] with Hendrik Hendrickx)</subfield>
  </datafield>
</record>